@UNPUBLISHED{jamartin,
  AUTHOR =	{Mart{\'\i}nez, J.A. and Casado, L.G. and Garc{\'\i}a, I. and Sergeyev, Ya.D. and
  		T{\'o}th, B.},
  TITLE =	{On an efficient use of gradient information for accelerating interval 
  		global optimization algorithms},
  NOTE =	{Submitted to Numerical Algorithms},
  YEAR =	{2002}
}

@ARTICLE{ratz99nonsmooth,
  AUTHOR =	{Dietmar Ratz},
  TITLE =	{A nonsmooth global optimization technique using slopes, the one dimensional case},
  JOURNAL =	{Journal of Global Optimization},
  VOLUME =	{14},
  NUMBER =	{4},
  PAGES =	{365--393},
  YEAR =	{1999},
  DOI =		{10.1023/A:1008391326993} 
}

@TECHREPORT{ratz96optimized,
  AUTHOR =		{Dietmar Ratz},
  TITLE =		{An Optimized Interval Slope Arithmetic and its Applications},
  TYPE =		{Bericht 4/1996},
  INSTITUTION =	{Institut f{\"u}r Angewandte Mathematik, Universit{\"a}t Karlsruhe},
  ADDRESS = 	{Karlsruhe, Germany},
  YEAR =		{1996},
  NOTE =		{URL: \url{http://citeseer.nj.nec.com/ratz96optimized.html}}
}

@BOOK{Klatte1993a,
  AUTHOR =		{Rudi Klatte and Ulrich Kulisch and Andreas Wiethoff and Christian Lawo and Michael Rauch},
  TITLE =		{{C--XSC}, {A} {C}++ Class Library for Extended  Scientific Computing},
  PUBLISHER =	{Springer-Verlag},
  ADDRESS =		{Berlin},
  YEAR =		{1993},
  ISBN =		{978-3-540-56328-0},
  DOI = 		{10.1007/978-3-642-58058-1}
}

@INBOOK(CORR96,
   AUTHOR =		{Ricardo Correa and Afonso Ferreira},
   TITLE =		{Parallel Best-First Branch and Bound in Discrete Optimization: a Framework},
   BOOKTITLE =	{IRREGULAR '95, Solving Combinatorial Optimization Problems in Parallel Methods and Techniques},
   PAGES =		{145-170},
   YEAR =		{1996},
   PUBLISHER =	{Springer},
   DOI =        {10.1007/BFb0027122}
)

@MANUAL(T3D,
   AUTHOR =			{T. Smith},
   TITLE =			{Cray {T3D} System Architecture Overview},
   ORGANIZATION =	{Cray Research},
   YEAR =			{1993},
   NOTE =           {URL: \url{ftp://ftp.cray.com/product-info/mpp/T3D_Architecture_Over/T3D.overview.html}}
)	 

@INCOLLECTION{Fuchi1996a,
  AUTHOR =       {Kyoko Makino and Martin Berz},
  TITLE =        {Remainder Differential Algebras and their Applications},
  BOOKTITLE =    {Computational Differentiation: Techniques, Applications, and Tools},
  YEAR =         {1996},
  EDITOR =       {Martin Berz and Christian Bischof and George Corliss and Andreas Griewank},
  PUBLISHER =    {SIAM},
  ADDRESS =      {Philadelphia},
  PAGES =        {63--74}
}

@INPROCEEDINGS{alefeld-survey,
   AUTHOR =		{G\"otz Alefeld},
   TITLE =		{Inclusion Methods for Systems of Nonlinear Equations --- {T}he Interval {Newton} Method and Modifications},
   PAGES =		{7--26},
   PUBLISHER =	{Elsevier Science Publishers},
   BOOKTITLE =	{Topics in Validated Computations},
   EDITOR =		{J. Herzberger},
   ADDRESS =	{Amsterdam},
   YEAR =		{1994},
   DOI =        {10.1016/B978-0-444-81685-6.50007-6}
}

@PHDTHESIS{braune-diss,
   AUTHOR =		{Klaus Dieter Braune},
   TITLE =		{Hochgenaue Standardfunktionen {f\"ur} reelle und komplexe Punkte und Intervalle in beliebigen Gleitpunktrastern},
   SCHOOL =		{Universit\"at Karlsruhe},
   YEAR =		{1987}
}

@PROCEEDINGS{griewank-proceedings,
   TITLE =		{Automatic Differentiation of Algorithms: Theory, Implementation, and Application},
   PUBLISHER =	{SIAM},
   EDITOR =		{Andreas Griewank and George F. Corliss},
   ADDRESS =	{Philadelphia},
   YEAR =		{1993},
   DOI =        {10.1137/1035156}
}
